@misc{gplv3,
    author       = {Free Software Foundation},
    title        = {{GNU} {G}eneral {P}ublic {L}icense},
    version      = {3},
	howpublished = {\url{http://www.gnu.org/licenses/gpl.html}},
    shorthand    = {GPL}
}

@misc{bootstrap,
	author       = {Bootstrap}, 
	title        = {Bootstrap},
	howpublished = {\url{https://getbootstrap.com/}}
}

@misc{express,
	author       = {Express.js}, 
	title        = {Fast, unopinionated, minimalist web framework for Node.js},
	howpublished = {\url{http://expressjs.com/}}
}

@misc{Github,
	author       = {Github}, 
	title        = {Plataforma de desarrollo colaborativo},
	howpublished = {\url{https://github.com/}}
}

@misc{git,
	author       = {Linus Torvalds}, 
	title        = {Software de control de versiones},
	howpublished = {\url{https://git-scm.com/}}
}

@misc{user-stories,
	author       = {José Miguel Pelegrina Pelegrina}, 
	title        = {Historias de usuario del proyecto},
	howpublished = {\url{https://github.com/josemip98/TFG/labels/user-stories}}
}

@misc{issues,
	author       = {José Miguel Pelegrina Pelegrina}, 
	title        = {Issues del proyecto},
	howpublished = {\url{https://github.com/josemip98/TFG/issues}}
}

@misc{repositorio,
	author       = {José Miguel Pelegrina Pelegrina}, 
	title        = {Repositorio del proyecto},
	howpublished = {\url{https://github.com/josemip98/TFG/}}
}

@misc{Eatthismuch,
	author       = {Louis DeMenthon}, 
	title        = {Eat this much},
	howpublished = {\url{https://www.eatthismuch.com/}}
}

@misc{Intake24,
	author       = {University of Cambridge}, 
	title        = {Intake24},
	howpublished = {\url{https://intake24.co.uk/}}
}

@misc{OpenFoodFacts,
	author       = {Stéphane Gigandet}, 
	title        = {Open Food Facts},
	howpublished = {\url{https://es.openfoodfacts.org/}}
}

@misc{MVT,
	author       = {EspiFreelancer}, 
	title        = {Modelo-Vista-Template},
	howpublished = {\url{https://espifreelancer.com/mtv-django.html}}
}

@misc{adminlte,
	author       = {AdminLTE.IO}, 
	title        = {Adminlte},
	howpublished = {\url{https://adminlte.io/}}
}

@misc{iconos,
	author       = {Fonticons, Inc.}, 
	title        = {FontAwesome},
	howpublished = {\url{https://fontawesome.com/}}
}

@misc{objetivos,
	author       = {Juan Julián Merelo Guervós}, 
	title        = {Guía para formular buenos objetivos},
	howpublished = {\url{https://jjmerelo.medium.com/c%C3%B3mo-formular-buenos-objetivos-en-un-trabajo-7e68abf10028}}
}

@misc{sueldo,
	author       = {Universidad Europea}, 
	title        = {Sueldo medio ingeniero informático en España},
	howpublished = {\url{https://universidadeuropea.com/blog/cuanto-gana-un-ingeniero-informatico}}
}

@misc{azure,
	author       = {Microsoft}, 
	title        = {Coste Azure cloud services para despligue aplicación},
	howpublished = {\url{https://azure.microsoft.com/es-es/pricing/details/cloud-services/}}
}

@misc{NoSQL,
	author       = {Sergio Alonso Burgos}, 
	title        = {Apuntes Desarrollo de Aplicaciones para Internet sobre Bases de datos NoSQL},
	howpublished = {\url{https://swad.ugr.es/swad/tmp/6_/T2oC-FDqCGlblpILVsxbWzucP2BtQpNXXQ-4YAbFs/DAI%20Practica%204%20-%20Bases%20de%20Datos%20NoSQL_%20CRUD.html}}
}

@misc{django,
	author       = {Sergio Alonso Burgos}, 
	title        = {Apuntes Desarrollo de Aplicaciones para Internet sobre Django},
	howpublished = {\url{https://swad.ugr.es/swad/tmp/LK/BCmbJVma4FNaFoNROjZS_Beh43Fmlu3o8PbYmfNzM/DAI%20Practica%206%20-%20Django.html}}
}

@misc{DDD,
	author       = {Wikipedia}, 
	title        = {Explicación Domain-Driven-Design},
	howpublished = {\url{https://es.wikipedia.org/wiki/Dise%C3%B1o_guiado_por_el_dominio}}
}

@misc{domain-driven-design,
	author       = {Wikipedia}, 
	title        = {Explicación Domain-Driven-Design},
	howpublished = {\url{https://thepowerups-learning.com/regla-de-la-dependencia/}}
}

@misc{arquitectura,
	author       = {Viewnext}, 
	title        = {Arquitectura monolítica vs microservicios},
	howpublished = {\url{https://www.viewnext.com/arquitectura-de-microservicios-vs-arquitectura-monolitica/}}
}

@misc{Open-Database-License,
	author       = {Open Food Facts}, 
	title        = {Licencia Base de datos Open Food Facts},
	howpublished = {\url{https://opendatacommons.org/licenses/odbl/1-0/}}
}